%YAML 1.1
%TAG !u! tag:unity3d.com,2011:
--- !u!1 &2716814028808887568
GameObject:
  m_ObjectHideFlags: 0
  m_CorrespondingSourceObject: {fileID: 0}
  m_PrefabInstance: {fileID: 0}
  m_PrefabAsset: {fileID: 0}
  serializedVersion: 6
  m_Component:
  - component: {fileID: 3287042338148470724}
  - component: {fileID: 5389747058805060912}
  m_Layer: 0
  m_Name: Video_Configurator
  m_TagString: Untagged
  m_Icon: {fileID: 0}
  m_NavMeshLayer: 0
  m_StaticEditorFlags: 0
  m_IsActive: 1
--- !u!4 &3287042338148470724
Transform:
  m_ObjectHideFlags: 0
  m_CorrespondingSourceObject: {fileID: 0}
  m_PrefabInstance: {fileID: 0}
  m_PrefabAsset: {fileID: 0}
  m_GameObject: {fileID: 2716814028808887568}
  m_LocalRotation: {x: 0, y: 0, z: 0, w: 1}
  m_LocalPosition: {x: 0, y: 0, z: 0}
  m_LocalScale: {x: 1, y: 1, z: 1}
  m_Children: []
  m_Father: {fileID: 6386493322835855197}
  m_RootOrder: 3
  m_LocalEulerAnglesHint: {x: 0, y: 0, z: 0}
--- !u!114 &5389747058805060912
MonoBehaviour:
  m_ObjectHideFlags: 0
  m_CorrespondingSourceObject: {fileID: 0}
  m_PrefabInstance: {fileID: 0}
  m_PrefabAsset: {fileID: 0}
  m_GameObject: {fileID: 2716814028808887568}
  m_Enabled: 1
  m_EditorHideFlags: 0
  m_Script: {fileID: 11500000, guid: eba1ad65dcdc4cb0895f6d81960e0550, type: 3}
  m_Name: 
  m_EditorClassIdentifier: 
  _guid: 
  _videoController: {fileID: 941534965002858644}
--- !u!1 &6386493322836220793
GameObject:
  m_ObjectHideFlags: 0
  m_CorrespondingSourceObject: {fileID: 0}
  m_PrefabInstance: {fileID: 0}
  m_PrefabAsset: {fileID: 0}
  serializedVersion: 6
  m_Component:
  - component: {fileID: 6386493322835855193}
  - component: {fileID: 6386493322839279487}
  - component: {fileID: 6386493322838148543}
  m_Layer: 0
  m_Name: TV_Screen
  m_TagString: Untagged
  m_Icon: {fileID: 0}
  m_NavMeshLayer: 0
  m_StaticEditorFlags: 0
  m_IsActive: 1
--- !u!4 &6386493322835855193
Transform:
  m_ObjectHideFlags: 0
  m_CorrespondingSourceObject: {fileID: 0}
  m_PrefabInstance: {fileID: 0}
  m_PrefabAsset: {fileID: 0}
  m_GameObject: {fileID: 6386493322836220793}
  m_LocalRotation: {x: -0.5, y: -0.5, z: -0.5, w: 0.5}
  m_LocalPosition: {x: 5.741748, y: 1.4218371, z: -11.47679}
  m_LocalScale: {x: 2.48995, y: 2.48995, z: 2.48995}
  m_Children: []
  m_Father: {fileID: 6386493322835855197}
  m_RootOrder: 1
  m_LocalEulerAnglesHint: {x: 0, y: 0, z: 0}
--- !u!33 &6386493322839279487
MeshFilter:
  m_ObjectHideFlags: 0
  m_CorrespondingSourceObject: {fileID: 0}
  m_PrefabInstance: {fileID: 0}
  m_PrefabAsset: {fileID: 0}
  m_GameObject: {fileID: 6386493322836220793}
  m_Mesh: {fileID: 4300002, guid: 2948878b796f2f3469a76bd27c63009d, type: 3}
--- !u!23 &6386493322838148543
MeshRenderer:
  m_ObjectHideFlags: 0
  m_CorrespondingSourceObject: {fileID: 0}
  m_PrefabInstance: {fileID: 0}
  m_PrefabAsset: {fileID: 0}
  m_GameObject: {fileID: 6386493322836220793}
  m_Enabled: 1
  m_CastShadows: 1
  m_ReceiveShadows: 1
  m_DynamicOccludee: 1
  m_MotionVectors: 1
  m_LightProbeUsage: 1
  m_ReflectionProbeUsage: 1
  m_RayTracingMode: 2
  m_RenderingLayerMask: 1
  m_RendererPriority: 0
  m_Materials:
  - {fileID: 2100000, guid: 2258e9dc520ca864cba3a08dec225969, type: 2}
  m_StaticBatchInfo:
    firstSubMesh: 0
    subMeshCount: 0
  m_StaticBatchRoot: {fileID: 0}
  m_ProbeAnchor: {fileID: 0}
  m_LightProbeVolumeOverride: {fileID: 0}
  m_ScaleInLightmap: 1
  m_ReceiveGI: 1
  m_PreserveUVs: 0
  m_IgnoreNormalsForChartDetection: 0
  m_ImportantGI: 0
  m_StitchLightmapSeams: 1
  m_SelectedEditorRenderState: 3
  m_MinimumChartSize: 4
  m_AutoUVMaxDistance: 0.5
  m_AutoUVMaxAngle: 89
  m_LightmapParameters: {fileID: 0}
  m_SortingLayerID: 0
  m_SortingLayer: 0
  m_SortingOrder: 0
--- !u!1 &6386493322836220797
GameObject:
  m_ObjectHideFlags: 0
  m_CorrespondingSourceObject: {fileID: 0}
  m_PrefabInstance: {fileID: 0}
  m_PrefabAsset: {fileID: 0}
  serializedVersion: 6
  m_Component:
  - component: {fileID: 6386493322835855197}
  - component: {fileID: 6386493322845743293}
  m_Layer: 0
  m_Name: TV
  m_TagString: Untagged
  m_Icon: {fileID: 0}
  m_NavMeshLayer: 0
  m_StaticEditorFlags: 0
  m_IsActive: 1
--- !u!4 &6386493322835855197
Transform:
  m_ObjectHideFlags: 0
  m_CorrespondingSourceObject: {fileID: 0}
  m_PrefabInstance: {fileID: 0}
  m_PrefabAsset: {fileID: 0}
  m_GameObject: {fileID: 6386493322836220797}
  m_LocalRotation: {x: -0, y: -0.22137804, z: -0, w: 0.975188}
  m_LocalPosition: {x: -2.76, y: 0.01999998, z: 20}
  m_LocalScale: {x: 1.5, y: 1.5, z: 1.5}
  m_Children:
  - {fileID: 6386493322835855199}
  - {fileID: 6386493322835855193}
  - {fileID: 941534965002858640}
  - {fileID: 3287042338148470724}
  m_Father: {fileID: 0}
  m_RootOrder: 0
  m_LocalEulerAnglesHint: {x: 0, y: -25.580002, z: 0}
--- !u!95 &6386493322845743293
Animator:
  serializedVersion: 3
  m_ObjectHideFlags: 0
  m_CorrespondingSourceObject: {fileID: 0}
  m_PrefabInstance: {fileID: 0}
  m_PrefabAsset: {fileID: 0}
  m_GameObject: {fileID: 6386493322836220797}
  m_Enabled: 1
  m_Avatar: {fileID: 9000000, guid: 2948878b796f2f3469a76bd27c63009d, type: 3}
  m_Controller: {fileID: 0}
  m_CullingMode: 0
  m_UpdateMode: 0
  m_ApplyRootMotion: 0
  m_LinearVelocityBlending: 0
  m_WarningMessage: 
  m_HasTransformHierarchy: 1
  m_AllowConstantClipSamplingOptimization: 1
  m_KeepAnimatorControllerStateOnDisable: 0
--- !u!1 &6386493322836220799
GameObject:
  m_ObjectHideFlags: 0
  m_CorrespondingSourceObject: {fileID: 0}
  m_PrefabInstance: {fileID: 0}
  m_PrefabAsset: {fileID: 0}
  serializedVersion: 6
  m_Component:
  - component: {fileID: 6386493322835855199}
  - component: {fileID: 6386493322839279485}
  - component: {fileID: 6386493322838148541}
  m_Layer: 0
  m_Name: TV_Body
  m_TagString: Untagged
  m_Icon: {fileID: 0}
  m_NavMeshLayer: 0
  m_StaticEditorFlags: 0
  m_IsActive: 1
--- !u!4 &6386493322835855199
Transform:
  m_ObjectHideFlags: 0
  m_CorrespondingSourceObject: {fileID: 0}
  m_PrefabInstance: {fileID: 0}
  m_PrefabAsset: {fileID: 0}
  m_GameObject: {fileID: 6386493322836220799}
  m_LocalRotation: {x: -0.5, y: -0.5, z: -0.5, w: 0.5}
  m_LocalPosition: {x: 5.736307, y: 1.4218371, z: -11.47679}
  m_LocalScale: {x: 2.48995, y: 2.48995, z: 2.48995}
  m_Children: []
  m_Father: {fileID: 6386493322835855197}
  m_RootOrder: 0
  m_LocalEulerAnglesHint: {x: 0, y: 0, z: 0}
--- !u!33 &6386493322839279485
MeshFilter:
  m_ObjectHideFlags: 0
  m_CorrespondingSourceObject: {fileID: 0}
  m_PrefabInstance: {fileID: 0}
  m_PrefabAsset: {fileID: 0}
  m_GameObject: {fileID: 6386493322836220799}
  m_Mesh: {fileID: 4300000, guid: 2948878b796f2f3469a76bd27c63009d, type: 3}
--- !u!23 &6386493322838148541
MeshRenderer:
  m_ObjectHideFlags: 0
  m_CorrespondingSourceObject: {fileID: 0}
  m_PrefabInstance: {fileID: 0}
  m_PrefabAsset: {fileID: 0}
  m_GameObject: {fileID: 6386493322836220799}
  m_Enabled: 1
  m_CastShadows: 1
  m_ReceiveShadows: 1
  m_DynamicOccludee: 1
  m_MotionVectors: 1
  m_LightProbeUsage: 1
  m_ReflectionProbeUsage: 1
  m_RayTracingMode: 2
  m_RenderingLayerMask: 1
  m_RendererPriority: 0
  m_Materials:
  - {fileID: 2100000, guid: 32ca1150761785c4fa5435e0bc7d72e4, type: 2}
  m_StaticBatchInfo:
    firstSubMesh: 0
    subMeshCount: 0
  m_StaticBatchRoot: {fileID: 0}
  m_ProbeAnchor: {fileID: 0}
  m_LightProbeVolumeOverride: {fileID: 0}
  m_ScaleInLightmap: 1
  m_ReceiveGI: 1
  m_PreserveUVs: 0
  m_IgnoreNormalsForChartDetection: 0
  m_ImportantGI: 0
  m_StitchLightmapSeams: 1
  m_SelectedEditorRenderState: 3
  m_MinimumChartSize: 4
  m_AutoUVMaxDistance: 0.5
  m_AutoUVMaxAngle: 89
  m_LightmapParameters: {fileID: 0}
  m_SortingLayerID: 0
  m_SortingLayer: 0
  m_SortingOrder: 0
--- !u!1001 &9052420428285232311
PrefabInstance:
  m_ObjectHideFlags: 0
  serializedVersion: 2
  m_Modification:
    m_TransformParent: {fileID: 6386493322835855197}
    m_Modifications:
    - target: {fileID: 8120457854885082144, guid: d4cd95329b2296e469712cb29c4a930c,
        type: 3}
      propertyPath: m_Name
      value: VideoCanvas
      objectReference: {fileID: 0}
    - target: {fileID: 8120457854885082151, guid: d4cd95329b2296e469712cb29c4a930c,
        type: 3}
      propertyPath: m_LocalPosition.x
      value: 0
      objectReference: {fileID: 0}
    - target: {fileID: 8120457854885082151, guid: d4cd95329b2296e469712cb29c4a930c,
        type: 3}
      propertyPath: m_LocalPosition.y
      value: 0
      objectReference: {fileID: 0}
    - target: {fileID: 8120457854885082151, guid: d4cd95329b2296e469712cb29c4a930c,
        type: 3}
      propertyPath: m_LocalPosition.z
      value: -11.484
      objectReference: {fileID: 0}
    - target: {fileID: 8120457854885082151, guid: d4cd95329b2296e469712cb29c4a930c,
        type: 3}
      propertyPath: m_LocalRotation.x
      value: 0
      objectReference: {fileID: 0}
    - target: {fileID: 8120457854885082151, guid: d4cd95329b2296e469712cb29c4a930c,
        type: 3}
      propertyPath: m_LocalRotation.y
      value: 0.7071068
      objectReference: {fileID: 0}
    - target: {fileID: 8120457854885082151, guid: d4cd95329b2296e469712cb29c4a930c,
        type: 3}
      propertyPath: m_LocalRotation.z
      value: 0
      objectReference: {fileID: 0}
    - target: {fileID: 8120457854885082151, guid: d4cd95329b2296e469712cb29c4a930c,
        type: 3}
      propertyPath: m_LocalRotation.w
      value: 0.7071068
      objectReference: {fileID: 0}
    - target: {fileID: 8120457854885082151, guid: d4cd95329b2296e469712cb29c4a930c,
        type: 3}
      propertyPath: m_RootOrder
      value: 2
      objectReference: {fileID: 0}
    - target: {fileID: 8120457854885082151, guid: d4cd95329b2296e469712cb29c4a930c,
        type: 3}
      propertyPath: m_LocalEulerAnglesHint.x
      value: 0
      objectReference: {fileID: 0}
    - target: {fileID: 8120457854885082151, guid: d4cd95329b2296e469712cb29c4a930c,
        type: 3}
      propertyPath: m_LocalEulerAnglesHint.y
      value: 90
      objectReference: {fileID: 0}
    - target: {fileID: 8120457854885082151, guid: d4cd95329b2296e469712cb29c4a930c,
        type: 3}
      propertyPath: m_LocalEulerAnglesHint.z
      value: 0
      objectReference: {fileID: 0}
    - target: {fileID: 8120457854885082151, guid: d4cd95329b2296e469712cb29c4a930c,
        type: 3}
      propertyPath: m_AnchoredPosition.x
      value: 5.712
      objectReference: {fileID: 0}
    - target: {fileID: 8120457854885082151, guid: d4cd95329b2296e469712cb29c4a930c,
        type: 3}
      propertyPath: m_AnchoredPosition.y
      value: 1.419
      objectReference: {fileID: 0}
    - target: {fileID: 8120457854885082151, guid: d4cd95329b2296e469712cb29c4a930c,
        type: 3}
      propertyPath: m_SizeDelta.x
      value: 1600
      objectReference: {fileID: 0}
    - target: {fileID: 8120457854885082151, guid: d4cd95329b2296e469712cb29c4a930c,
        type: 3}
      propertyPath: m_SizeDelta.y
      value: 900
      objectReference: {fileID: 0}
    - target: {fileID: 8120457854885082151, guid: d4cd95329b2296e469712cb29c4a930c,
        type: 3}
      propertyPath: m_AnchorMin.x
      value: 0
      objectReference: {fileID: 0}
    - target: {fileID: 8120457854885082151, guid: d4cd95329b2296e469712cb29c4a930c,
        type: 3}
      propertyPath: m_AnchorMin.y
      value: 0
      objectReference: {fileID: 0}
    - target: {fileID: 8120457854885082151, guid: d4cd95329b2296e469712cb29c4a930c,
        type: 3}
      propertyPath: m_AnchorMax.x
      value: 0
      objectReference: {fileID: 0}
    - target: {fileID: 8120457854885082151, guid: d4cd95329b2296e469712cb29c4a930c,
        type: 3}
      propertyPath: m_AnchorMax.y
      value: 0
      objectReference: {fileID: 0}
    - target: {fileID: 8120457854885082151, guid: d4cd95329b2296e469712cb29c4a930c,
        type: 3}
      propertyPath: m_Pivot.x
      value: 0.5
      objectReference: {fileID: 0}
    - target: {fileID: 8120457854885082151, guid: d4cd95329b2296e469712cb29c4a930c,
        type: 3}
      propertyPath: m_Pivot.y
      value: 0.5
      objectReference: {fileID: 0}
    - target: {fileID: 8120457854885082151, guid: d4cd95329b2296e469712cb29c4a930c,
        type: 3}
      propertyPath: m_LocalScale.x
      value: 0.00088071247
      objectReference: {fileID: 0}
    - target: {fileID: 8120457854885082151, guid: d4cd95329b2296e469712cb29c4a930c,
        type: 3}
      propertyPath: m_LocalScale.y
      value: 0.00088071247
      objectReference: {fileID: 0}
    - target: {fileID: 8120457854885082151, guid: d4cd95329b2296e469712cb29c4a930c,
        type: 3}
      propertyPath: m_LocalScale.z
      value: 0.70457
      objectReference: {fileID: 0}
    - target: {fileID: 8120457855103961111, guid: d4cd95329b2296e469712cb29c4a930c,
        type: 3}
      propertyPath: m_AnchorMin.y
      value: 0
      objectReference: {fileID: 0}
    - target: {fileID: 8120457855103961111, guid: d4cd95329b2296e469712cb29c4a930c,
        type: 3}
      propertyPath: m_AnchorMax.y
      value: 0
      objectReference: {fileID: 0}
    - target: {fileID: 8120457855103961111, guid: d4cd95329b2296e469712cb29c4a930c,
        type: 3}
      propertyPath: m_AnchoredPosition.x
      value: 0
      objectReference: {fileID: 0}
    - target: {fileID: 8120457855103961111, guid: d4cd95329b2296e469712cb29c4a930c,
        type: 3}
      propertyPath: m_AnchoredPosition.y
      value: 0
      objectReference: {fileID: 0}
    - target: {fileID: 8120457855103961111, guid: d4cd95329b2296e469712cb29c4a930c,
        type: 3}
      propertyPath: m_SizeDelta.x
      value: 0
      objectReference: {fileID: 0}
    - target: {fileID: 8120457855103961111, guid: d4cd95329b2296e469712cb29c4a930c,
        type: 3}
      propertyPath: m_SizeDelta.y
      value: 0
      objectReference: {fileID: 0}
    - target: {fileID: 8120457855171493111, guid: d4cd95329b2296e469712cb29c4a930c,
        type: 3}
      propertyPath: m_AnchorMin.y
      value: 0
      objectReference: {fileID: 0}
    - target: {fileID: 8120457855171493111, guid: d4cd95329b2296e469712cb29c4a930c,
        type: 3}
      propertyPath: m_AnchorMax.y
      value: 0
      objectReference: {fileID: 0}
    - target: {fileID: 8120457855171493111, guid: d4cd95329b2296e469712cb29c4a930c,
        type: 3}
      propertyPath: m_AnchoredPosition.x
      value: 0
      objectReference: {fileID: 0}
    - target: {fileID: 8120457855171493111, guid: d4cd95329b2296e469712cb29c4a930c,
        type: 3}
      propertyPath: m_AnchoredPosition.y
      value: 0
      objectReference: {fileID: 0}
    - target: {fileID: 8120457855171493111, guid: d4cd95329b2296e469712cb29c4a930c,
        type: 3}
      propertyPath: m_SizeDelta.x
      value: 0
      objectReference: {fileID: 0}
    - target: {fileID: 8120457855171493111, guid: d4cd95329b2296e469712cb29c4a930c,
        type: 3}
      propertyPath: m_SizeDelta.y
      value: 0
      objectReference: {fileID: 0}
    - target: {fileID: 8120457856228292252, guid: d4cd95329b2296e469712cb29c4a930c,
        type: 3}
      propertyPath: m_AnchorMin.y
      value: 0
      objectReference: {fileID: 0}
    - target: {fileID: 8120457856228292252, guid: d4cd95329b2296e469712cb29c4a930c,
        type: 3}
      propertyPath: m_AnchorMax.y
      value: 0
      objectReference: {fileID: 0}
    - target: {fileID: 8120457856228292252, guid: d4cd95329b2296e469712cb29c4a930c,
        type: 3}
      propertyPath: m_AnchoredPosition.x
      value: 0
      objectReference: {fileID: 0}
    - target: {fileID: 8120457856228292252, guid: d4cd95329b2296e469712cb29c4a930c,
        type: 3}
      propertyPath: m_AnchoredPosition.y
      value: 0
      objectReference: {fileID: 0}
    - target: {fileID: 8120457856228292252, guid: d4cd95329b2296e469712cb29c4a930c,
        type: 3}
      propertyPath: m_SizeDelta.x
      value: 0
      objectReference: {fileID: 0}
    - target: {fileID: 8120457856228292252, guid: d4cd95329b2296e469712cb29c4a930c,
        type: 3}
      propertyPath: m_SizeDelta.y
      value: 0
      objectReference: {fileID: 0}
    m_RemovedComponents: []
  m_SourcePrefab: {fileID: 100100000, guid: d4cd95329b2296e469712cb29c4a930c, type: 3}
--- !u!224 &941534965002858640 stripped
RectTransform:
  m_CorrespondingSourceObject: {fileID: 8120457854885082151, guid: d4cd95329b2296e469712cb29c4a930c,
    type: 3}
  m_PrefabInstance: {fileID: 9052420428285232311}
  m_PrefabAsset: {fileID: 0}
--- !u!114 &941534965002858644 stripped
MonoBehaviour:
  m_CorrespondingSourceObject: {fileID: 8120457854885082147, guid: d4cd95329b2296e469712cb29c4a930c,
    type: 3}
  m_PrefabInstance: {fileID: 9052420428285232311}
  m_PrefabAsset: {fileID: 0}
  m_GameObject: {fileID: 0}
  m_Enabled: 1
  m_EditorHideFlags: 0
  m_Script: {fileID: 11500000, guid: 14cd17c074f64b93aefefb049af69139, type: 3}
  m_Name: 
  m_EditorClassIdentifier: 
